
@book{SteckQuantumAtomOptics,
  author    = {Daniel A. Steck},
  title     = {Quantum and Atom Optics},
  year      = {2019},
  note      = {Revision 0.12.6, 23 April 2019},
  publisher = { available online at \texttt{http://steck.us/teaching}}
}

@book{QuantumWorldUltraColdBook2,
  author    = {C. Gardiner and P. Zoller},
  title     = {The Quantum World of Ultra-Cold Atoms and Light: Book II: The Physics of Quantum-Optical Devices},
  publisher = {Imperial College Press},
  year      = {2015},  
  volume    = {2},
  ISSN =        {2025 - 9734 }
}


@article{Johansson2013,
  title = {{QuTiP} 2: A Python framework for the dynamics of open quantum systems},
  author = {Johansson, J.R. and Nation, P.D. and Nori, F.},
  journal = {Computer Physics Communications},
  volume = {184},
  number = {4},
  pages = {1234--1240},
  year = {2013},
  publisher = {Elsevier}
}

